@article{stormo2010determining,
    title={Determining the specificity of protein-DNA interactions},
    author={Stormo, Gary D and Zhao, Yue},
    journal={Nature reviews. Genetics},
    journal-short={Nat Rev Genet},
    volume={11},
    pages={751-60},
    year={2010},
    PMID={20877328}
}

@article{zwicker1995cell,
    title={Cell cycle regulation of the cyclin A, cdc25C and cdc2 genes is based on a common mechanism of transcriptional repression},
    author={Zwicker, J and Lucibello, F C and Wolfraim, L A and Gross, C and Truss, M and Engeland, K and Müller, R},
    journal={The EMBO journal},
    journal-short={EMBO J},
    volume={14},
    pages={4514-22},
    year={1995},
    PMID={7556094}
}

@article{zwanenburg1983standardized,
    title={Standardized shake-off to synchronize cultured CHO cells},
    author={Zwanenburg, T S},
    journal={Mutation research},
    journal-short={Mutat Res},
    volume={120},
    pages={151-9},
    year={1983},
    PMID={6341827}
}

@article{zhou2011integrated,
    title={Integrated approaches reveal determinants of genome-wide binding and function of the transcription factor Pho4},
    author={Zhou, Xu and O'Shea, Erin K},
    journal={Molecular cell},
    journal-short={Mol Cell},
    volume={42},
    pages={826-36},
    year={2011},
    PMID={21700227}
}

@article{zheng2007foxo,
    title={FOXO and insulin signaling regulate sensitivity of the circadian clock to oxidative stress},
    author={Zheng, Xiangzhong and Yang, Zhaohai and Yue, Zhifeng and Alvarez, John D and Sehgal, Amita},
    journal={Proceedings of the National Academy of Sciences of the United States of America},
    journal-short={Proc Natl Acad Sci U S A},
    volume={104},
    pages={15899-904},
    year={2007},
    PMID={17895391}
}

@article{zhang2008model-based,
    title={Model-based analysis of ChIP-Seq (MACS)},
    author={Zhang, Yong and Liu, Tao and Meyer, Clifford A and Eeckhoute, Jérôme and Johnson, David S and Bernstein, Bradley E and Nusbaum, Chad and Myers, Richard M and Brown, Myles and Li, Wei and Liu, X Shirley},
    journal={Genome biology},
    journal-short={Genome Biol},
    volume={9},
    pages={R137},
    year={2008},
    PMID={18798982}
}

@article{zhang2011foxo1,
    title={FOXO1 is an essential regulator of pluripotency in human embryonic stem cells},
    author={Zhang, Xin and Yalcin, Safak and Lee, Dung-Fang and Yeh, Tsung-Yin J and Lee, Seung-Min and Su, Jie and Mungamuri, Sathish Kumar and Rimmelé, Pauline and Kennedy, Marion and Sellers, Rani and Landthaler, Markus and Tuschl, Thomas and Chi, Nai-Wen and Lemischka, Ihor and Keller, Gordon and Ghaffari, Saghi},
    journal={Nature cell biology},
    journal-short={Nat Cell Biol},
    volume={13},
    pages={1092-9},
    year={2011},
    PMID={21804543}
}

@article{zhang2011foxm1,
    title={FoxM1 promotes $\beta$-catenin nuclear localization and controls Wnt target-gene expression and glioma tumorigenesis},
    author={Zhang, Nu and Wei, Ping and Gong, Aihua and Chiu, Wen-Tai and Lee, Hsueh-Te and Colman, Howard and Huang, He and Xue, Jianfei and Liu, Mingguang and Wang, Yong and Sawaya, Raymond and Xie, Keping and Yung, W K Alfred and Medema, René H and He, Xi and Huang, Suyun},
    journal={Cancer cell},
    journal-short={Cancer Cell},
    volume={20},
    pages={427-42},
    year={2011},
    PMID={22014570}
}

@article{zaret2011pioneer,
    title={Pioneer transcription factors: establishing competence for gene expression},
    author={Zaret, Kenneth S and Carroll, Jason S},
    journal={Genes \& development},
    journal-short={Genes Dev},
    volume={25},
    pages={2227-41},
    year={2011},
    PMID={22056668}
}

@article{yusufzai2004ctcf,
    title={CTCF tethers an insulator to subnuclear sites, suggesting shared insulator mechanisms across species},
    author={Yusufzai, Timur M and Tagami, Hideaki and Nakatani, Yoshihiro and Felsenfeld, Gary},
    journal={Molecular cell},
    journal-short={Mol Cell},
    volume={13},
    pages={291-8},
    year={2004},
    PMID={14759373}
}

@article{yusuf2012the,
    title={The transcription factor encyclopedia},
    author={Yusuf, Dimas and Butland, Stefanie L and Swanson, Magdalena I and Bolotin, Eugene and Ticoll, Amy and Cheung, Warren A and Zhang, Xiao Yu Cindy and Dickman, Christopher T D and Fulton, Debra L and Lim, Jonathan S and Schnabl, Jake M and Ramos, Oscar H P and Vasseur-Cognet, Mireille and de Leeuw, Charles N and Simpson, Elizabeth M and Ryffel, Gerhart U and Lam, Eric W-F and Kist, Ralf and Wilson, Miranda S C and Marco-Ferreres, Raquel and Brosens, Jan J and Beccari, Leonardo L and Bovolenta, Paola and Benayoun, Bérénice A and Monteiro, Lara J and Schwenen, Helma D C and Grontved, Lars and Wederell, Elizabeth and Mandrup, Susanne and Veitia, Reiner A and Chakravarthy, Harini and Hoodless, Pamela A and Mancarelli, M Michela and Torbett, Bruce E and Banham, Alison H and Reddy, Sekhar P and Cullum, Rebecca L and Liedtke, Michaela and Tschan, Mario P and Vaz, Michelle and Rizzino, Angie and Zannini, Mariastella and Frietze, Seth and Farnham, Peggy J and Eijkelenboom, Astrid and Brown, Philip J and Laperrière, David and Leprince, Dominique and de Cristofaro, Tiziana and Prince, Kelly L and Putker, Marrit and del Peso, Luis and Camenisch, Gieri and Wenger, Roland H and Mikula, Michal and Rozendaal, Marieke and Mader, Sylvie and Ostrowski, Jerzy and Rhodes, Simon J and Van Rechem, Capucine and Boulay, Gaylor and Olechnowicz, Sam W Z and Breslin, Mary B and Lan, Michael S and Nanan, Kyster K and Wegner, Michael and Hou, Juan and Mullen, Rachel D and Colvin, Stephanie C and Noy, Peter John and Webb, Carol F and Witek, Matthew E and Ferrell, Scott and Daniel, Juliet M and Park, Jason and Waldman, Scott A and Peet, Daniel J and Taggart, Michael and Jayaraman, Padma-Sheela and Karrich, Julien J and Blom, Bianca and Vesuna, Farhad and O'Geen, Henriette and Sun, Yunfu and Gronostajski, Richard M and Woodcroft, Mark W and Hough, Margaret R and Chen, Edwin and Europe-Finner, G Nicholas and Karolczak-Bayatti, Magdalena and Bailey, Jarrod and Hankinson, Oliver and Raman, Venu and LeBrun, David P and Biswal, Shyam and Harvey, Christopher J and DeBruyne, Jason P and Hogenesch, John B and Hevner, Robert F and Héligon, Christophe and Luo, Xin M and Blank, Marissa Cathleen and Millen, Kathleen Joyce and Sharlin, David S and Forrest, Douglas and Dahlman-Wright, Karin and Zhao, Chunyan and Mishima, Yuriko and Sinha, Satrajit and Chakrabarti, Rumela and Portales-Casamar, Elodie and Sladek, Frances M and Bradley, Philip H and Wasserman, Wyeth W},
    journal={Genome biology},
    journal-short={Genome Biol},
    volume={13},
    pages={R24},
    year={2012},
    PMID={22458515}
}

@article{yuan2008activation,
    title={Activation of FOXO1 by Cdk1 in cycling cells and postmitotic neurons},
    author={Yuan, Zengqiang and Becker, Esther B E and Merlo, Paola and Yamada, Tomoko and DiBacco, Sara and Konishi, Yoshiyuki and Schaefer, Erik M and Bonni, Azad},
    journal={Science (New York, N.Y.)},
    journal-short={Science},
    volume={319},
    pages={1665-8},
    year={2008},
    PMID={18356527}
}

@article{yuan2005genome-scale,
    title={Genome-scale identification of nucleosome positions in S. cerevisiae},
    author={Yuan, Guo-Cheng and Liu, Yuen-Jong and Dion, Michael F and Slack, Michael D and Wu, Lani F and Altschuler, Steven J and Rando, Oliver J},
    journal={Science (New York, N.Y.)},
    journal-short={Science},
    volume={309},
    pages={626-30},
    year={2005},
    PMID={15961632}
}

@article{yu2010the,
    title={The ubiquitin carboxyl hydrolase BAP1 forms a ternary complex with YY1 and HCF-1 and is a critical regulator of gene expression},
    author={Yu, Helen and Mashtalir, Nazar and Daou, Salima and Hammond-Martel, Ian and Ross, Julie and Sui, Guangchao and Hart, Gerald W and Rauscher, Frank J and Drobetsky, Elliot and Milot, Eric and Shi, Yang and Affar, El Bachir},
    journal={Molecular and cellular biology},
    journal-short={Mol Cell Biol},
    volume={30},
    pages={5071-85},
    year={2010},
    PMID={20805357}
}

@article{yoon2003n-cor,
    title={N-CoR mediates DNA methylation-dependent repression through a methyl CpG binding protein Kaiso},
    author={Yoon, Ho-Geun and Chan, Doug W and Reynolds, Albert B and Qin, Jun and Wong, Jiemin},
    journal={Molecular cell},
    journal-short={Mol Cell},
    volume={12},
    pages={723-34},
    year={2003},
    PMID={14527417}
}

@article{yen2012genome-wide,
    title={Genome-wide nucleosome specificity and directionality of chromatin remodelers},
    author={Yen, Kuangyu and Vinayachandran, Vinesh and Batta, Kiran and Koerber, R Thomas and Pugh, B Franklin},
    journal={Cell},
    journal-short={Cell},
    volume={149},
    pages={1461-73},
    year={2012},
    PMID={22726434}
}

@article{ye1997hepatocyte,
    title={Hepatocyte nuclear factor 3/fork head homolog 11 is expressed in proliferating epithelial and mesenchymal cells of embryonic and adult tissues},
    author={Ye, H and Kelly, T F and Samadani, U and Lim, L and Rubio, S and Overdier, D G and Roebuck, K A and Costa, R H},
    journal={Molecular and cellular biology},
    journal-short={Mol Cell Biol},
    volume={17},
    pages={1626-41},
    year={1997},
    PMID={9032290}
}

@article{yan2006the,
    title={The forkhead transcription factor FoxI1 remains bound to condensed mitotic chromosomes and stably remodels chromatin structure},
    author={Yan, Jizhou and Xu, Lisha and Crawford, Gregory and Wang, Zenfeng and Burgess, Shawn M},
    journal={Molecular and cellular biology},
    journal-short={Mol Cell Biol},
    volume={26},
    pages={155-68},
    year={2006},
    PMID={16354687}
}

@article{yamaguchi1999nelf,,
    title={NELF, a multisubunit complex containing RD, cooperates with DSIF to repress RNA polymerase II elongation},
    author={Yamaguchi, Y and Takagi, T and Wada, T and Yano, K and Furuya, A and Sugimoto, S and Hasegawa, J and Handa, H},
    journal={Cell},
    journal-short={Cell},
    volume={97},
    pages={41-51},
    year={1999},
    PMID={10199401}
}

@article{yamagata2008arginine,
    title={Arginine methylation of FOXO transcription factors inhibits their phosphorylation by Akt},
    author={Yamagata, Kazuyuki and Daitoku, Hiroaki and Takahashi, Yuta and Namiki, Kana and Hisatake, Koji and Kako, Koichiro and Mukai, Hidehito and Kasuya, Yoshitoshi and Fukamizu, Akiyoshi},
    journal={Molecular cell},
    journal-short={Mol Cell},
    volume={32},
    pages={221-31},
    year={2008},
    PMID={18951090}
}

@article{wonsey2005loss,
    title={Loss of the forkhead transcription factor FoxM1 causes centrosome amplification and mitotic catastrophe},
    author={Wonsey, Diane R and Follettie, Maximillian T},
    journal={Cancer research},
    journal-short={Cancer Res},
    volume={65},
    pages={5181-9},
    year={2005},
    PMID={15958562}
}

@article{wohlschlegel2001mutational,
    title={Mutational analysis of the Cy motif from p21 reveals sequence degeneracy and specificity for different cyclin-dependent kinases},
    author={Wohlschlegel, J A and Dwyer, B T and Takeda, D Y and Dutta, A},
    journal={Molecular and cellular biology},
    journal-short={Mol Cell Biol},
    volume={21},
    pages={4868-74},
    year={2001},
    PMID={11438644}
}

@article{williamson2006brca1,
    title={BRCA1 and FOXA1 proteins coregulate the expression of the cell cycle-dependent kinase inhibitor p27(Kip1)},
    author={Williamson, E A and Wolf, I and O'Kelly, J and Bose, S and Tanosaki, S and Koeffler, H P},
    journal={Oncogene},
    journal-short={Oncogene},
    volume={25},
    pages={1391-9},
    year={2006},
    PMID={16331276}
}

@article{wilbanks2010evaluation,
    title={Evaluation of algorithm performance in ChIP-seq peak detection},
    author={Wilbanks, Elizabeth G and Facciotti, Marc T},
    journal={PloS one},
    journal-short={PLoS One},
    volume={5},
    pages={e11471},
    year={2010},
    PMID={20628599}
}

@article{wijchers2006in,
    title={In control of biology: of mice, men and Foxes},
    author={Wijchers, Patrick J E C and Burbach, J Peter H and Smidt, Marten P},
    journal={The Biochemical journal},
    journal-short={Biochem J},
    volume={397},
    pages={233-46},
    year={2006},
    PMID={16792526}
}

@article{weigel1989the,
    title={The homeotic gene fork head encodes a nuclear protein and is expressed in the terminal regions of the Drosophila embryo},
    author={Weigel, D and Jürgens, G and Küttner, F and Seifert, E and Jäckle, H},
    journal={Cell},
    journal-short={Cell},
    volume={57},
    pages={645-58},
    year={1989},
    PMID={2566386}
}

@article{wei2010genome-wide,
    title={Genome-wide analysis of ETS-family DNA-binding in vitro and in vivo},
    author={Wei, Gong-Hong and Badis, Gwenael and Berger, Michael F and Kivioja, Teemu and Palin, Kimmo and Enge, Martin and Bonke, Martin and Jolma, Arttu and Varjosalo, Markku and Gehrke, Andrew R and Yan, Jian and Talukder, Shaheynoor and Turunen, Mikko and Taipale, Mikko and Stunnenberg, Hendrik G and Ukkonen, Esko and Hughes, Timothy R and Bulyk, Martha L and Taipale, Jussi},
    journal={The EMBO journal},
    journal-short={EMBO J},
    volume={29},
    pages={2147-60},
    year={2010},
    PMID={20517297}
}

@article{wang2005forkhead,
    title={Forkhead box M1 regulates the transcriptional network of genes essential for mitotic progression and genes encoding the SCF (Skp2-Cks1) ubiquitin ligase},
    author={Wang, I-Ching and Chen, Yi-Ju and Hughes, Douglas and Petrovic, Vladimir and Major, Michael L and Park, Hyung Jung and Tan, Yongjun and Ackerson, Timothy and Costa, Robert H},
    journal={Molecular and cellular biology},
    journal-short={Mol Cell Biol},
    volume={25},
    pages={10875-94},
    year={2005},
    PMID={16314512}
}

@article{wang2011reprogramming,
    title={Reprogramming transcription by distinct classes of enhancers functionally defined by eRNA},
    author={Wang, Dong and Garcia-Bassets, Ivan and Benner, Chris and Li, Wenbo and Su, Xue and Zhou, Yiming and Qiu, Jinsong and Liu, Wen and Kaikkonen, Minna U and Ohgi, Kenneth A and Glass, Christopher K and Rosenfeld, Michael G and Fu, Xiang-Dong},
    journal={Nature},
    journal-short={Nature},
    volume={474},
    pages={390-4},
    year={2011},
    PMID={21572438}
}

@article{voss2011dynamic,
    title={Dynamic exchange at regulatory elements during chromatin remodeling underlies assisted loading mechanism},
    author={Voss, Ty C and Schiltz, R Louis and Sung, Myong-Hee and Yen, Paul M and Stamatoyannopoulos, John A and Biddie, Simon C and Johnson, Thomas A and Miranda, Tina B and John, Sam and Hager, Gordon L},
    journal={Cell},
    journal-short={Cell},
    volume={146},
    pages={544-54},
    year={2011},
    PMID={21835447}
}

@article{visel2009genomic,
    title={Genomic views of distant-acting enhancers},
    author={Visel, Axel and Rubin, Edward M and Pennacchio, Len A},
    journal={Nature},
    journal-short={Nature},
    volume={461},
    pages={199-205},
    year={2009},
    PMID={19741700}
}

@article{vaquerizas2009a,
    title={A census of human transcription factors: function, expression and evolution},
    author={Vaquerizas, Juan M and Kummerfeld, Sarah K and Teichmann, Sarah A and Luscombe, Nicholas M},
    journal={Nature reviews. Genetics},
    journal-short={Nat Rev Genet},
    volume={10},
    pages={252-63},
    year={2009},
    PMID={19274049}
}

@article{van-steensel2000identification,
    title={Identification of in vivo DNA targets of chromatin proteins using tethered dam methyltransferase},
    author={{van Steensel}, B and Henikoff, S},
    journal={Nature biotechnology},
    journal-short={Nat Biotechnol},
    volume={18},
    pages={424-8},
    year={2000},
    PMID={10748524}
}

@article{van-dongen2000solution,
    title={Solution structure and dynamics of the DNA-binding domain of the adipocyte-transcription factor FREAC-11},
    author={{van Dongen}, M J and Cederberg, A and Carlsson, P and Enerbäck, S and Wikström, M},
    journal={Journal of molecular biology},
    journal-short={J Mol Biol},
    volume={296},
    pages={351-9},
    year={2000},
    PMID={10669593}
}

@article{uhlen2010towards,
    title={Towards a knowledge-based Human Protein Atlas},
    author={Uhlen, Mathias and Oksvold, Per and Fagerberg, Linn and Lundberg, Emma and Jonasson, Kalle and Forsberg, Mattias and Zwahlen, Martin and Kampf, Caroline and Wester, Kenneth and Hober, Sophia and Wernerus, Henrik and Björling, Lisa and Ponten, Fredrik},
    journal={Nature biotechnology},
    journal-short={Nat Biotechnol},
    volume={28},
    pages={1248-50},
    year={2010},
    PMID={21139605}
}

@article{tsai2007crystal,
    title={Crystal structure of the human FOXO3a-DBD/DNA complex suggests the effects of post-translational modification},
    author={Tsai, Kuang-Lei and Sun, Yuh-Ju and Huang, Cheng-Yang and Yang, Jer-Yen and Hung, Mien-Chie and Hsiao, Chwan-Deng},
    journal={Nucleic acids research},
    journal-short={Nucleic Acids Res},
    volume={35},
    pages={6984-94},
    year={2007},
    PMID={17940099}
}

@article{tsai2006crystal,
    title={Crystal structure of the human FOXK1a-DNA complex and its implications on the diverse binding specificity of winged helix/forkhead proteins},
    author={Tsai, Kuang-Lei and Huang, Cheng-Yang and Chang, Chia-Hao and Sun, Yuh-Ju and Chuang, Woei-Jer and Hsiao, Chwan-Deng},
    journal={The Journal of biological chemistry},
    journal-short={J Biol Chem},
    volume={281},
    pages={17400-17409},
    year={2006},
    PMID={16624804}
}

@article{travers1989dna,
    title={DNA conformation and protein binding},
    author={Travers, A A},
    journal={Annual review of biochemistry},
    journal-short={Annu Rev Biochem},
    volume={58},
    pages={427-52},
    year={1989},
    PMID={2673015}
}

@article{tran2002dna,
    title={DNA repair pathway stimulated by the forkhead transcription factor FOXO3a through the Gadd45 protein},
    author={Tran, Hien and Brunet, Anne and Grenier, Jill M and Datta, Sandeep R and Fornace, Albert J and DiStefano, Peter S and Chiang, Lillian W and Greenberg, Michael E},
    journal={Science (New York, N.Y.)},
    journal-short={Science},
    volume={296},
    pages={530-4},
    year={2002},
    PMID={11964479}
}

@article{tommasi1995in,
    title={In vivo structure of the human cdc2 promoter: release of a p130-E2F-4 complex from sequences immediately upstream of the transcription initiation site coincides with induction of cdc2 expression},
    author={Tommasi, S and Pfeifer, G P},
    journal={Molecular and cellular biology},
    journal-short={Mol Cell Biol},
    volume={15},
    pages={6901-13},
    year={1995},
    PMID={8524257}
}

@article{tiwari2011a,
    title={A chromatin-modifying function of JNK during stem cell differentiation},
    author={Tiwari, Vijay K and Stadler, Michael B and Wirbelauer, Christiane and Paro, Renato and Schübeler, Dirk and Beisel, Christian},
    journal={Nature genetics},
    journal-short={Nat Genet},
    volume={44},
    pages={94-100},
    year={2011},
    PMID={22179133}
}

@article{thomas2006the,
    title={The general transcription machinery and general cofactors},
    author={Thomas, Mary C and Chiang, Cheng-Ming},
    journal={Critical reviews in biochemistry and molecular biology},
    journal-short={Crit Rev Biochem Mol Biol},
    volume={41},
    pages={105-78},
    year={2006},
    PMID={16858867}
}

@article{teytelman2009impact,
    title={Impact of chromatin structures on DNA processing for genomic analyses},
    author={Teytelman, Leonid and Ozaydin, Bilge and Zill, Oliver and Lefrançois, Philippe and Snyder, Michael and Rine, Jasper and Eisen, Michael B},
    journal={PloS one},
    journal-short={PLoS One},
    volume={4},
    pages={e6700},
    year={2009},
    PMID={19693276}
}

@article{tahiliani2009conversion,
    title={Conversion of 5-methylcytosine to 5-hydroxymethylcytosine in mammalian DNA by MLL partner TET1},
    author={Tahiliani, Mamta and Koh, Kian Peng and Shen, Yinghua and Pastor, William A and Bandukwala, Hozefa and Brudno, Yevgeny and Agarwal, Suneet and Iyer, Lakshminarayan M and Liu, David R and Aravind, L and Rao, Anjana},
    journal={Science (New York, N.Y.)},
    journal-short={Science},
    volume={324},
    pages={930-5},
    year={2009},
    PMID={19372391}
}

@article{szymczyna2000dna,
    title={DNA binding specificity studies of four ETS proteins support an indirect read-out mechanism of protein-DNA recognition},
    author={Szymczyna, B R and Arrowsmith, C H},
    journal={The Journal of biological chemistry},
    journal-short={J Biol Chem},
    volume={275},
    pages={28363-70},
    year={2000},
    PMID={10867009}
}

@article{spellman1998comprehensive,
    title={Comprehensive identification of cell cycle-regulated genes of the yeast Saccharomyces cerevisiae by microarray hybridization},
    author={Spellman, P T and Sherlock, G and Zhang, M Q and Iyer, V R and Anders, K and Eisen, M B and Brown, P O and Botstein, D and Futcher, B},
    journal={Molecular biology of the cell},
    journal-short={Mol Biol Cell},
    volume={9},
    pages={3273-97},
    year={1998},
    PMID={9843569}
}

@article{slattery2011cofactor,
    title={Cofactor binding evokes latent differences in DNA binding specificity between Hox proteins},
    author={Slattery, Matthew and Riley, Todd and Liu, Peng and Abe, Namiko and Gomez-Alcala, Pilar and Dror, Iris and Zhou, Tianyin and Rohs, Remo and Honig, Barry and Bussemaker, Harmen J and Mann, Richard S},
    journal={Cell},
    journal-short={Cell},
    volume={147},
    pages={1270-82},
    year={2011},
    PMID={22153072}
}

@article{sinha1996three,
    title={Three classes of mutations in the A subunit of the CCAAT-binding factor CBF delineate functional domains involved in the three-step assembly of the CBF-DNA complex},
    author={Sinha, S and Kim, I S and Sohn, K Y and de Crombrugghe, B and Maity, S N},
    journal={Molecular and cellular biology},
    journal-short={Mol Cell Biol},
    volume={16},
    pages={328-37},
    year={1996},
    PMID={8524312}
}

@article{sikorski2009the,
    title={The basal initiation machinery: beyond the general transcription factors},
    author={Sikorski, Timothy W and Buratowski, Stephen},
    journal={Current opinion in cell biology},
    journal-short={Curr Opin Cell Biol},
    volume={21},
    pages={344-51},
    year={2009},
    PMID={19411170}
}

@article{siggers2011non-dna-binding,
    title={Non-DNA-binding cofactors enhance DNA-binding specificity of a transcriptional regulatory complex},
    author={Siggers, Trevor and Duyzend, Michael H and Reddy, Jessica and Khan, Sidra and Bulyk, Martha L},
    journal={Molecular systems biology},
    journal-short={Mol Syst Biol},
    volume={7},
    pages={555},
    year={2011},
    PMID={22146299}
}

@article{shore1996determinants,
    title={Determinants of DNA-binding specificity of ETS-domain transcription factors},
    author={Shore, P and Whitmarsh, A J and Bhaskaran, R and Davis, R J and Waltho, J P and Sharrocks, A D},
    journal={Molecular and cellular biology},
    journal-short={Mol Cell Biol},
    volume={16},
    pages={3338-49},
    year={1996},
    PMID={8668149}
}

@article{shin2009ceas:,
    title={CEAS: cis-regulatory element annotation system},
    author={Shin, Hyunjin and Liu, Tao and Manrai, Arjun K and Liu, X Shirley},
    journal={Bioinformatics (Oxford, England)},
    journal-short={Bioinformatics},
    volume={25},
    pages={2605-6},
    year={2009},
    PMID={19689956}
}

@article{shilatifard2006chromatin,
    title={Chromatin modifications by methylation and ubiquitination: implications in the regulation of gene expression},
    author={Shilatifard, Ali},
    journal={Annual review of biochemistry},
    journal-short={Annu Rev Biochem},
    volume={75},
    pages={243-69},
    year={2006},
    PMID={16756492}
}

@article{seoane2004integration,
    title={Integration of Smad and forkhead pathways in the control of neuroepithelial and glioblastoma cell proliferation},
    author={Seoane, Joan and Le, Hong-Van and Shen, Lijian and Anderson, Stewart A and Massagué, Joan},
    journal={Cell},
    journal-short={Cell},
    volume={117},
    pages={211-23},
    year={2004},
    PMID={15084259}
}

@article{sekinger2005intrinsic,
    title={Intrinsic histone-DNA interactions and low nucleosome density are important for preferential accessibility of promoter regions in yeast},
    author={Sekinger, Edward A and Moqtaderi, Zarmik and Struhl, Kevin},
    journal={Molecular cell},
    journal-short={Mol Cell},
    volume={18},
    pages={735-48},
    year={2005},
    PMID={15949447}
}

@article{seeman1976sequence-specific,
    title={Sequence-specific recognition of double helical nucleic acids by proteins},
    author={Seeman, N C and Rosenberg, J M and Rich, A},
    journal={Proceedings of the National Academy of Sciences of the United States of America},
    journal-short={Proc Natl Acad Sci U S A},
    volume={73},
    pages={804-8},
    year={1976},
    PMID={1062791}
}

@article{schmit2009lin54,
    title={LIN54 is an essential core subunit of the DREAM/LINC complex that binds to the cdc2 promoter in a sequence-specific manner},
    author={Schmit, Fabienne and Cremer, Sarah and Gaubatz, Stefan},
    journal={The FEBS journal},
    journal-short={FEBS J},
    volume={276},
    pages={5703-16},
    year={2009},
    PMID={19725879}
}

@article{rhee2011comprehensive,
    title={Comprehensive genome-wide protein-DNA interactions detected at single-nucleotide resolution},
    author={Rhee, Ho Sung and Pugh, B Franklin},
    journal={Cell},
    journal-short={Cell},
    volume={147},
    pages={1408-19},
    year={2011},
    PMID={22153082}
}

@article{sarvan2011crystal,
    title={Crystal structure of the trithorax group protein ASH2L reveals a forkhead-like DNA binding domain},
    author={Sarvan, Sabina and Avdic, Vanja and Tremblay, Véronique and Chaturvedi, Chandra-Prakash and Zhang, Pamela and Lanouette, Sylvain and Blais, Alexandre and Brunzelle, Joseph S and Brand, Marjorie and Couture, Jean-François},
    journal={Nature structural \& molecular biology},
    journal-short={Nat Struct Mol Biol},
    volume={18},
    pages={857-9},
    year={2011},
    PMID={21642971}
}

@article{santamaría2007cdk1,
    title={Cdk1 is sufficient to drive the mammalian cell cycle},
    author={Santamaría, David and Barrière, Cédric and Cerqueira, Antonio and Hunt, Sarah and Tardy, Claudine and Newton, Kathryn and Cáceres, Javier F and Dubus, Pierre and Malumbres, Marcos and Barbacid, Mariano},
    journal={Nature},
    journal-short={Nature},
    volume={448},
    pages={811-5},
    year={2007},
    PMID={17700700}
}

@article{samadani1996the,
    title={The transcriptional activator hepatocyte nuclear factor 6 regulates liver gene expression},
    author={Samadani, U and Costa, R H},
    journal={Molecular and cellular biology},
    journal-short={Mol Cell Biol},
    volume={16},
    pages={6273-84},
    year={1996},
    PMID={8887657}
}

@article{sagai2005elimination,
    title={Elimination of a long-range cis-regulatory module causes complete loss of limb-specific Shh expression and truncation of the mouse limb},
    author={Sagai, Tomoko and Hosoya, Masaki and Mizushina, Youichi and Tamura, Masaru and Shiroishi, Toshihiko},
    journal={Development (Cambridge, England)},
    journal-short={Development},
    volume={132},
    pages={797-803},
    year={2005},
    PMID={15677727}
}

@article{saeed2003tm4:,
    title={TM4: a free, open-source system for microarray data management and analysis},
    author={Saeed, A I and Sharov, V and White, J and Li, J and Liang, W and Bhagabati, N and Braisted, J and Klapa, M and Currier, T and Thiagarajan, M and Sturn, A and Snuffin, M and Rezantsev, A and Popov, D and Ryltsov, A and Kostukovich, E and Borisovsky, I and Liu, Z and Vinsavich, A and Trush, V and Quackenbush, J},
    journal={BioTechniques},
    journal-short={Biotechniques},
    volume={34},
    pages={374-8},
    year={2003},
    PMID={12613259}
}

@article{sadasivam2012the,
    title={The MuvB complex sequentially recruits B-Myb and FoxM1 to promote mitotic gene expression},
    author={Sadasivam, Subhashini and Duan, Shenghua and DeCaprio, James A},
    journal={Genes \& development},
    journal-short={Genes Dev},
    volume={26},
    pages={474-89},
    year={2012},
    PMID={22391450}
}

@article{rougvie1988the,
    title={The RNA polymerase II molecule at the 5' end of the uninduced hsp70 gene of D. melanogaster is transcriptionally engaged},
    author={Rougvie, A E and Lis, J T},
    journal={Cell},
    journal-short={Cell},
    volume={54},
    pages={795-804},
    year={1988},
    PMID={3136931}
}

@article{ross-innes2011a,
    title={A co-ordinated interaction between CTCF and ER in breast cancer cells},
    author={Ross-Innes, Caryn S and Brown, Gordon D and Carroll, Jason S},
    journal={BMC genomics},
    journal-short={BMC Genomics},
    volume={12},
    pages={593},
    year={2011},
    PMID={22142239}
}

@article{rohs2009the,
    title={The role of DNA shape in protein-DNA recognition},
    author={Rohs, Remo and West, Sean M and Sosinsky, Alona and Liu, Peng and Mann, Richard S and Honig, Barry},
    journal={Nature},
    journal-short={Nature},
    volume={461},
    pages={1248-53},
    year={2009},
    PMID={19865164}
}

@article{rhee2012genome-wide,
    title={Genome-wide structure and organization of eukaryotic pre-initiation complexes},
    author={Rhee, Ho Sung and Pugh, B Franklin},
    journal={Nature},
    journal-short={Nature},
    volume={483},
    pages={295-301},
    year={2012},
    PMID={22258509}
}

@article{reynolds2003recruitment,
    title={Recruitment of Thr 319-phosphorylated Ndd1p to the FHA domain of Fkh2p requires Clb kinase activity: a mechanism for CLB cluster gene activation},
    author={Reynolds, David and Shi, Bu Jun and McLean, Cameron and Katsis, Frosa and Kemp, Bruce and Dalton, Stephen},
    journal={Genes \& development},
    journal-short={Genes Dev},
    volume={17},
    pages={1789-802},
    year={2003},
    PMID={12865300}
}

@article{renault2009foxo3,
    title={FoxO3 regulates neural stem cell homeostasis},
    author={Renault, Valérie M and Rafalski, Victoria A and Morgan, Alex A and Salih, Dervis A M and Brett, Jamie O and Webb, Ashley E and Villeda, Saul A and Thekkat, Pramod U and Guillerey, Camille and Denko, Nicholas C and Palmer, Theo D and Butte, Atul J and Brunet, Anne},
    journal={Cell stem cell},
    journal-short={Cell Stem Cell},
    volume={5},
    pages={527-39},
    year={2009},
    PMID={19896443}
}

@article{reese2003basal,
    title={Basal transcription factors},
    author={Reese, Joseph C},
    journal={Current opinion in genetics \& development},
    journal-short={Curr Opin Genet Dev},
    volume={13},
    pages={114-8},
    year={2003},
    PMID={12672487}
}

@article{rane1999loss,
    title={Loss of Cdk4 expression causes insulin-deficient diabetes and Cdk4 activation results in beta-islet cell hyperplasia},
    author={Rane, S G and Dubus, P and Mettus, R V and Galbreath, E J and Boden, G and Reddy, E P and Barbacid, M},
    journal={Nature genetics},
    journal-short={Nat Genet},
    volume={22},
    pages={44-52},
    year={1999},
    PMID={10319860}
}

@article{rahl2010c-myc,
    title={c-Myc regulates transcriptional pause release},
    author={Rahl, Peter B and Lin, Charles Y and Seila, Amy C and Flynn, Ryan A and McCuine, Scott and Burge, Christopher B and Sharp, Phillip A and Young, Richard A},
    journal={Cell},
    journal-short={Cell},
    volume={141},
    pages={432-45},
    year={2010},
    PMID={20434984}
}

@article{ptashne1988how,
    title={How eukaryotic transcriptional activators work},
    author={Ptashne, M},
    journal={Nature},
    journal-short={Nature},
    volume={335},
    pages={683-9},
    year={1988},
    PMID={3050531}
}

@article{pierrou1994cloning,
    title={Cloning and characterization of seven human forkhead proteins: binding site specificity and DNA bending},
    author={Pierrou, S and Hellqvist, M and Samuelsson, L and Enerbäck, S and Carlsson, P},
    journal={The EMBO journal},
    journal-short={EMBO J},
    volume={13},
    pages={5002-12},
    year={1994},
    PMID={7957066}
}

@article{pierrou1995selection,
    title={Selection of high-affinity binding sites for sequence-specific, DNA binding proteins from random sequence oligonucleotides},
    author={Pierrou, S and Enerbäck, S and Carlsson, P},
    journal={Analytical biochemistry},
    journal-short={Anal Biochem},
    volume={229},
    pages={99-105},
    year={1995},
    PMID={8533902}
}

@article{pierce2003sum1,
    title={Sum1 and Ndt80 proteins compete for binding to middle sporulation element sequences that control meiotic gene expression},
    author={Pierce, Michael and Benjamin, Kirsten R and Montano, Sherwin P and Georgiadis, Millie M and Winter, Edward and Vershon, Andrew K},
    journal={Molecular and cellular biology},
    journal-short={Mol Cell Biol},
    volume={23},
    pages={4814-25},
    year={2003},
    PMID={12832469}
}

@article{pic-taylor2004regulation,
    title={Regulation of cell cycle-specific gene expression through cyclin-dependent kinase-mediated phosphorylation of the forkhead transcription factor Fkh2p},
    author={Pic-Taylor, Aline and Darieva, Zoulfia and Morgan, Brian A and Sharrocks, Andrew D},
    journal={Molecular and cellular biology},
    journal-short={Mol Cell Biol},
    volume={24},
    pages={10036-46},
    year={2004},
    PMID={15509804}
}

@article{pepke2009computation,
    title={Computation for ChIP-seq and RNA-seq studies},
    author={Pepke, Shirley and Wold, Barbara and Mortazavi, Ali},
    journal={Nature methods},
    journal-short={Nat Methods},
    volume={6},
    pages={S22-32},
    year={2009},
    PMID={19844228}
}

@article{park2009chip-seq:,
    title={ChIP-seq: advantages and challenges of a maturing technology},
    author={Park, Peter J},
    journal={Nature reviews. Genetics},
    journal-short={Nat Rev Genet},
    volume={10},
    pages={669-80},
    year={2009},
    PMID={19736561}
}

@article{park2008an,
    title={An N-terminal inhibitory domain modulates activity of FoxM1 during cell cycle},
    author={Park, H J and Wang, Z and Costa, R H and Tyner, A and Lau, L F and Raychaudhuri, P},
    journal={Oncogene},
    journal-short={Oncogene},
    volume={27},
    pages={1696-704},
    year={2008},
    PMID={17891172}
}

@article{park2008anaphase-promoting,
    title={Anaphase-promoting complex/cyclosome-CDH1-mediated proteolysis of the forkhead box M1 transcription factor is critical for regulated entry into S phase},
    author={Park, Hyun Jung and Costa, Robert H and Lau, Lester F and Tyner, Angela L and Raychaudhuri, Pradip},
    journal={Molecular and cellular biology},
    journal-short={Mol Cell Biol},
    volume={28},
    pages={5162-71},
    year={2008},
    PMID={18573889}
}

@article{pan2010mechanisms,
    title={Mechanisms of transcription factor selectivity},
    author={Pan, Yongping and Tsai, Chung-Jung and Ma, Buyong and Nussinov, Ruth},
    journal={Trends in genetics : TIG},
    journal-short={Trends Genet},
    volume={26},
    pages={75-83},
    year={2010},
    PMID={20074831}
}

@article{ozsolak2007high-throughput,
    title={High-throughput mapping of the chromatin structure of human promoters},
    author={Ozsolak, Fatih and Song, Jun S and Liu, X Shirley and Fisher, David E},
    journal={Nature biotechnology},
    journal-short={Nat Biotechnol},
    volume={25},
    pages={244-8},
    year={2007},
    PMID={17220878}
}

@article{overdier1994the,
    title={The DNA-binding specificity of the hepatocyte nuclear factor 3/forkhead domain is influenced by amino-acid residues adjacent to the recognition helix},
    author={Overdier, D G and Porcella, A and Costa, R H},
    journal={Molecular and cellular biology},
    journal-short={Mol Cell Biol},
    volume={14},
    pages={2755-66},
    year={1994},
    PMID={8139574}
}

@article{ortega2003cyclin-dependent,
    title={Cyclin-dependent kinase 2 is essential for meiosis but not for mitotic cell division in mice},
    author={Ortega, Sagrario and Prieto, Ignacio and Odajima, Junko and Martín, Alberto and Dubus, Pierre and Sotillo, Rocio and Barbero, Jose Luis and Malumbres, Marcos and Barbacid, Mariano},
    journal={Nature genetics},
    journal-short={Nat Genet},
    volume={35},
    pages={25-31},
    year={2003},
    PMID={12923533}
}

@article{olefsky2001nuclear,
    title={Nuclear receptor minireview series},
    author={Olefsky, J M},
    journal={The Journal of biological chemistry},
    journal-short={J Biol Chem},
    volume={276},
    pages={36863-4},
    year={2001},
    PMID={11459855}
}

@article{odrowaz2012elk1,
    title={ELK1 uses different DNA binding modes to regulate functionally distinct classes of target genes},
    author={Odrowaz, Zaneta and Sharrocks, Andrew D},
    journal={PLoS genetics},
    journal-short={PLoS Genet},
    volume={8},
    pages={e1002694},
    year={2012},
    PMID={22589737}
}

@article{ochiai2012a,
    title={A self-reinforcing regulatory network triggered by limiting IL-7 activates pre-BCR signaling and differentiation},
    author={Ochiai, Kyoko and Maienschein-Cline, Mark and Mandal, Malay and Triggs, Joseph R and Bertolino, Eric and Sciammas, Roger and Dinner, Aaron R and Clark, Marcus R and Singh, Harinder},
    journal={Nature immunology},
    journal-short={Nat Immunol},
    volume={13},
    pages={300-7},
    year={2012},
    PMID={22267219}
}

@article{obsil2008structure/function,
    title={Structure/function relationships underlying regulation of FOXO transcription factors},
    author={Obsil, T and Obsilova, V},
    journal={Oncogene},
    journal-short={Oncogene},
    volume={27},
    pages={2263-75},
    year={2008},
    PMID={18391969}
}

@article{nurse2000a,
    title={A long twentieth century of the cell cycle and beyond},
    author={Nurse, P},
    journal={Cell},
    journal-short={Cell},
    volume={100},
    pages={71-8},
    year={2000},
    PMID={10647932}
}

@article{neumann2010phenotypic,
    title={Phenotypic profiling of the human genome by time-lapse microscopy reveals cell division genes},
    author={Neumann, Beate and Walter, Thomas and Hériché, Jean-Karim and Bulkescher, Jutta and Erfle, Holger and Conrad, Christian and Rogers, Phill and Poser, Ina and Held, Michael and Liebel, Urban and Cetin, Cihan and Sieckmann, Frank and Pau, Gregoire and Kabbe, Rolf and Wünsche, Annelie and Satagopam, Venkata and Schmitz, Michael H A and Chapuis, Catherine and Gerlich, Daniel W and Schneider, Reinhard and Eils, Roland and Huber, Wolfgang and Peters, Jan-Michael and Hyman, Anthony A and Durbin, Richard and Pepperkok, Rainer and Ellenberg, Jan},
    journal={Nature},
    journal-short={Nature},
    volume={464},
    pages={721-7},
    year={2010},
    PMID={20360735}
}

@article{narlikar2002cooperation,
    title={Cooperation between complexes that regulate chromatin structure and transcription},
    author={Narlikar, Geeta J and Fan, Hua-Ying and Kingston, Robert E},
    journal={Cell},
    journal-short={Cell},
    volume={108},
    pages={475-87},
    year={2002},
    PMID={11909519}
}

@article{näär2001transcriptional,
    title={Transcriptional coactivator complexes},
    author={Näär, A M and Lemon, B D and Tjian, R},
    journal={Annual review of biochemistry},
    journal-short={Annu Rev Biochem},
    volume={70},
    pages={475-501},
    year={2001},
    PMID={11395415}
}

@article{myatt2007the,
    title={The emerging roles of forkhead box (Fox) proteins in cancer},
    author={Myatt, Stephen S and Lam, Eric W-F},
    journal={Nature reviews. Cancer},
    journal-short={Nat Rev Cancer},
    volume={7},
    pages={847-59},
    year={2007},
    PMID={17943136}
}

@article{murakami2010regulation,
    title={Regulation of yeast forkhead transcription factors and FoxM1 by cyclin-dependent and polo-like kinases},
    author={Murakami, Hiroshi and Aiba, Hirofumi and Nakanishi, Makoto and Murakami-Tonami, Yuko},
    journal={Cell cycle (Georgetown, Tex.)},
    journal-short={Cell Cycle},
    volume={9},
    pages={3233-42},
    year={2010},
    PMID={20716958}
}

@article{müller2012the,
    title={The CHR promoter element controls cell cycle-dependent gene transcription and binds the DREAM and MMB complexes},
    author={Müller, Gerd A and Quaas, Marianne and Schümann, Michael and Krause, Eberhard and Padi, Megha and Fischer, Martin and Litovchick, Larisa and DeCaprio, James A and Engeland, Kurt},
    journal={Nucleic acids research},
    journal-short={Nucleic Acids Res},
    volume={40},
    pages={1561-78},
    year={2012},
    PMID={22064854}
}

@article{müller2010the,
    title={The central role of CDE/CHR promoter elements in the regulation of cell cycle-dependent gene transcription},
    author={Müller, Gerd A and Engeland, Kurt},
    journal={The FEBS journal},
    journal-short={FEBS J},
    volume={277},
    pages={877-93},
    year={2010},
    PMID={20015071}
}

@article{motallebipour2009differential,
    title={Differential binding and co-binding pattern of FOXA1 and FOXA3 and their relation to H3K4me3 in HepG2 cells revealed by ChIP-seq},
    author={Motallebipour, Mehdi and Ameur, Adam and Reddy Bysani, Madhu Sudhan and Patra, Kalicharan and Wallerman, Ola and Mangion, Jonathan and Barker, Melissa A and McKernan, Kevin J and Komorowski, Jan and Wadelius, Claes},
    journal={Genome biology},
    journal-short={Genome Biol},
    volume={10},
    pages={R129},
    year={2009},
    PMID={19919681}
}

@article{meng2005a,
    title={A bacterial one-hybrid system for determining the DNA-binding specificity of transcription factors},
    author={Meng, Xiangdong and Brodsky, Michael H and Wolfe, Scot A},
    journal={Nature biotechnology},
    journal-short={Nat Biotechnol},
    volume={23},
    pages={988-94},
    year={2005},
    PMID={16041365}
}

@article{medema2000afx-like,
    title={AFX-like Forkhead transcription factors mediate cell-cycle regulation by Ras and PKB through p27kip1},
    author={Medema, R H and Kops, G J and Bos, J L and Burgering, B M},
    journal={Nature},
    journal-short={Nature},
    volume={404},
    pages={782-7},
    year={2000},
    PMID={10783894}
}

@article{mclean2010great,
    title={GREAT improves functional interpretation of cis-regulatory regions},
    author={McLean, Cory Y and Bristor, Dave and Hiller, Michael and Clarke, Shoa L and Schaar, Bruce T and Lowe, Craig B and Wenger, Aaron M and Bejerano, Gill},
    journal={Nature biotechnology},
    journal-short={Nat Biotechnol},
    volume={28},
    pages={495-501},
    year={2010},
    PMID={20436461}
}

@article{mazzoni2011embryonic,
    title={Embryonic stem cell-based mapping of developmental transcriptional programs},
    author={Mazzoni, Esteban O and Mahony, Shaun and Iacovino, Michelina and Morrison, Carolyn A and Mountoufaris, George and Closser, Michael and Whyte, Warren A and Young, Richard A and Kyba, Michael and Gifford, David K and Wichterle, Hynek},
    journal={Nature methods},
    journal-short={Nat Methods},
    volume={8},
    pages={1056-8},
    year={2011},
    PMID={22081127}
}

@article{mavrich2008nucleosome,
    title={Nucleosome organization in the Drosophila genome},
    author={Mavrich, Travis N and Jiang, Cizhong and Ioshikhes, Ilya P and Li, Xiaoyong and Venters, Bryan J and Zanton, Sara J and Tomsho, Lynn P and Qi, Ji and Glaser, Robert L and Schuster, Stephan C and Gilmour, David S and Albert, Istvan and Pugh, B Franklin},
    journal={Nature},
    journal-short={Nature},
    volume={453},
    pages={358-62},
    year={2008},
    PMID={18408708}
}

@article{matsuzaki2005acetylation,
    title={Acetylation of Foxo1 alters its DNA-binding ability and sensitivity to phosphorylation},
    author={Matsuzaki, Hitomi and Daitoku, Hiroaki and Hatta, Mitsutoki and Aoyama, Hisanori and Yoshimochi, Kenji and Fukamizu, Akiyoshi},
    journal={Proceedings of the National Academy of Sciences of the United States of America},
    journal-short={Proc Natl Acad Sci U S A},
    volume={102},
    pages={11278-83},
    year={2005},
    PMID={16076959}
}

@article{martinez2002multi-protein,
    title={Multi-protein complexes in eukaryotic gene transcription},
    author={Martinez, Ernest},
    journal={Plant molecular biology},
    journal-short={Plant Mol Biol},
    volume={50},
    pages={925-47},
    year={2002},
    PMID={12516863}
}

@article{martínez-gac2004control,
    title={Control of cyclin G2 mRNA expression by forkhead transcription factors: novel mechanism for cell cycle control by phosphoinositide 3-kinase and forkhead},
    author={Martínez-Gac, Lorena and Marqués, Miriam and García, Zaira and Campanero, Miguel R and Carrera, Ana C},
    journal={Molecular and cellular biology},
    journal-short={Mol Cell Biol},
    volume={24},
    pages={2181-9},
    year={2004},
    PMID={14966295}
}

@article{martin2011genome-wide,
    title={Genome-wide CTCF distribution in vertebrates defines equivalent sites that aid the identification of disease-associated genes},
    author={Martin, David and Pantoja, Cristina and Fernández Miñán, Ana and Valdes-Quezada, Christian and Moltó, Eduardo and Matesanz, Fuencisla and Bogdanović, Ozren and de la Calle-Mustienes, Elisa and Domínguez, Orlando and Taher, Leila and Furlan-Magaril, Mayra and Alcina, Antonio and Cañón, Susana and Fedetz, María and Blasco, María A and Pereira, Paulo S and Ovcharenko, Ivan and Recillas-Targa, Félix and Montoliu, Lluís and Manzanares, Miguel and Guigó, Roderic and Serrano, Manuel and Casares, Fernando and Gómez-Skarmeta, José Luis},
    journal={Nature structural \& molecular biology},
    journal-short={Nat Struct Mol Biol},
    volume={18},
    pages={708-14},
    year={2011},
    PMID={21602820}
}

@article{marsden1998structural,
    title={Structural changes in the region directly adjacent to the DNA-binding helix highlight a possible mechanism to explain the observed changes in the sequence-specific binding of winged helix proteins},
    author={Marsden, I and Jin, C and Liao, X},
    journal={Journal of molecular biology},
    journal-short={J Mol Biol},
    volume={278},
    pages={293-9},
    year={1998},
    PMID={9571051}
}

@article{marais2010cell,
    title={Cell cycle-dependent regulation of the forkhead transcription factor FOXK2 by CDK·cyclin complexes},
    author={Marais, Anett and Ji, Zongling and Child, Emma S and Krause, Eberhard and Mann, David J and Sharrocks, Andrew D},
    journal={The Journal of biological chemistry},
    journal-short={J Biol Chem},
    volume={285},
    pages={35728-39},
    year={2010},
    PMID={20810654}
}

@article{mantovani1994dominant,
    title={Dominant negative analogs of NF-YA},
    author={Mantovani, R and Li, X Y and Pessara, U and Hooft van Huisjduijnen, R and Benoist, C and Mathis, D},
    journal={The Journal of biological chemistry},
    journal-short={J Biol Chem},
    volume={269},
    pages={20340-6},
    year={1994},
    PMID={8051128}
}

@article{mantovani1999the,
    title={The molecular biology of the CCAAT-binding factor NF-Y},
    author={Mantovani, R},
    journal={Gene},
    journal-short={Gene},
    volume={239},
    pages={15-27},
    year={1999},
    PMID={10571030}
}

@article{macquarrie2011genome-wide,
    title={Genome-wide transcription factor binding: beyond direct target regulation},
    author={MacQuarrie, Kyle L and Fong, Abraham P and Morse, Randall H and Tapscott, Stephen J},
    journal={Trends in genetics : TIG},
    journal-short={Trends Genet},
    volume={27},
    pages={141-8},
    year={2011},
    PMID={21295369}
}

@article{lutz2000transcriptional,
    title={Transcriptional repression by the insulator protein CTCF involves histone deacetylases},
    author={Lutz, M and Burke, L J and Barreto, G and Goeman, F and Greb, H and Arnold, R and Schultheiss, H and Brehm, A and Kouzarides, T and Lobanenkov, V and Renkawitz, R},
    journal={Nucleic acids research},
    journal-short={Nucleic Acids Res},
    volume={28},
    pages={1707-13},
    year={2000},
    PMID={10734189}
}

@article{lucibello1995periodic,
    title={Periodic cdc25C transcription is mediated by a novel cell cycle-regulated repressor element (CDE)},
    author={Lucibello, F C and Truss, M and Zwicker, J and Ehlert, F and Beato, M and Müller, R},
    journal={The EMBO journal},
    journal-short={EMBO J},
    volume={14},
    pages={132-42},
    year={1995},
    PMID={7828585}
}

@article{littler2010structure,
    title={Structure of the FoxM1 DNA-recognition domain bound to a promoter sequence},
    author={Littler, D R and Alvarez-Fernández, M and Stein, A and Hibbert, R G and Heidebrecht, T and Aloy, P and Medema, R H and Perrakis, A},
    journal={Nucleic acids research},
    journal-short={Nucleic Acids Res},
    volume={38},
    pages={4527-38},
    year={2010},
    PMID={20360045}
}

@article{litovchick2007evolutionarily,
    title={Evolutionarily conserved multisubunit RBL2/p130 and E2F4 protein complex represses human cell cycle-dependent genes in quiescence},
    author={Litovchick, Larisa and Sadasivam, Subhashini and Florens, Laurence and Zhu, Xiaopeng and Swanson, Selene K and Velmurugan, Soundarapandian and Chen, Runsheng and Washburn, Michael P and Liu, X Shirley and DeCaprio, James A},
    journal={Molecular cell},
    journal-short={Mol Cell},
    volume={26},
    pages={539-51},
    year={2007},
    PMID={17531812}
}

@article{linnemann2011genetic,
    title={Genetic framework for GATA factor function in vascular biology},
    author={Linnemann, Amelia K and O'Geen, Henriette and Keles, Sunduz and Farnham, Peggy J and Bresnick, Emery H},
    journal={Proceedings of the National Academy of Sciences of the United States of America},
    journal-short={Proc Natl Acad Sci U S A},
    volume={108},
    pages={13641-6},
    year={2011},
    PMID={21808000}
}

@article{lin2010a,
    title={A global network of transcription factors, involving E2A, EBF1 and Foxo1, that orchestrates B cell fate},
    author={Lin, Yin C and Jhunjhunwala, Suchit and Benner, Christopher and Heinz, Sven and Welinder, Eva and Mansson, Robert and Sigvardsson, Mikael and Hagman, James and Espinoza, Celso A and Dutkowski, Janusz and Ideker, Trey and Glass, Christopher K and Murre, Cornelis},
    journal={Nature immunology},
    journal-short={Nat Immunol},
    volume={11},
    pages={635-43},
    year={2010},
    PMID={20543837}
}

@article{lickwar2012genome-wide,
    title={Genome-wide protein-DNA binding dynamics suggest a molecular clutch for transcription factor function},
    author={Lickwar, Colin R and Mueller, Florian and Hanlon, Sean E and McNally, James G and Lieb, Jason D},
    journal={Nature},
    journal-short={Nature},
    volume={484},
    pages={251-5},
    year={2012},
    PMID={22498630}
}

@article{li2012forkhead,
    title={Forkhead transcription factor FOXO3a protein activates nuclear factor κB through B-cell lymphoma/leukemia 10 (BCL10) protein and promotes tumor cell survival in serum deprivation},
    author={Li, Zhaodong and Zhang, Haisheng and Chen, Ying and Fan, Li and Fang, Jing},
    journal={The Journal of biological chemistry},
    journal-short={J Biol Chem},
    volume={287},
    pages={17737-17745},
    year={2012},
    PMID={22474286}
}

@article{li2007the,
    title={The role of chromatin during transcription},
    author={Li, Bing and Carey, Michael and Workman, Jerry L},
    journal={Cell},
    journal-short={Cell},
    volume={128},
    pages={707-19},
    year={2007},
    PMID={17320508}
}

@article{lettice2003a,
    title={A long-range Shh enhancer regulates expression in the developing limb and fin and is associated with preaxial polydactyly},
    author={Lettice, Laura A and Heaney, Simon J H and Purdie, Lorna A and Li, Li and de Beer, Philippe and Oostra, Ben A and Goode, Debbie and Elgar, Greg and Hill, Robert E and de Graaff, Esther},
    journal={Human molecular genetics},
    journal-short={Hum Mol Genet},
    volume={12},
    pages={1725-35},
    year={2003},
    PMID={12837695}
}

@article{lemon2000orchestrated,
    title={Orchestrated response: a symphony of transcription factors for gene control},
    author={Lemon, B and Tjian, R},
    journal={Genes \& development},
    journal-short={Genes Dev},
    volume={14},
    pages={2551-69},
    year={2000},
    PMID={11040209}
}

@article{lefebvre2010a,
    title={A human B-cell interactome identifies MYB and FOXM1 as master regulators of proliferation in germinal centers},
    author={Lefebvre, Celine and Rajbhandari, Presha and Alvarez, Mariano J and Bandaru, Pradeep and Lim, Wei Keat and Sato, Mai and Wang, Kai and Sumazin, Pavel and Kustagi, Manjunath and Bisikirska, Brygida C and Basso, Katia and Beltrao, Pedro and Krogan, Nevan and Gautier, Jean and Dalla-Favera, Riccardo and Califano, Andrea},
    journal={Molecular systems biology},
    journal-short={Mol Syst Biol},
    volume={6},
    pages={377},
    year={2010},
    PMID={20531406}
}

@article{lee2006chromatin,
    title={Chromatin immunoprecipitation and microarray-based analysis of protein location},
    author={Lee, Tong Ihn and Johnstone, Sarah E and Young, Richard A},
    journal={Nature protocols},
    journal-short={Nat Protoc},
    volume={1},
    pages={729-48},
    year={2006},
    PMID={17406303}
}

@article{lee2004evidence,
    title={Evidence for nucleosome depletion at active regulatory regions genome-wide},
    author={Lee, Cheol-Koo and Shibata, Yoichiro and Rao, Bhargavi and Strahl, Brian D and Lieb, Jason D},
    journal={Nature genetics},
    journal-short={Nat Genet},
    volume={36},
    pages={900-5},
    year={2004},
    PMID={15247917}
}

@article{latchman1997transcription,
    title={Transcription factors: an overview},
    author={Latchman, D S},
    journal={The international journal of biochemistry \& cell biology},
    journal-short={Int J Biochem Cell Biol},
    volume={29},
    pages={1305-12},
    year={1997},
    PMID={9570129}
}

@article{laoukili2007foxm1:,
    title={FoxM1: at the crossroads of ageing and cancer},
    author={Laoukili, Jamila and Stahl, Marie and Medema, René H},
    journal={Biochimica et biophysica acta},
    journal-short={Biochim Biophys Acta},
    volume={1775},
    pages={92-102},
    year={2007},
    PMID={17014965}
}

@article{laoukili2005foxm1,
    title={FoxM1 is required for execution of the mitotic programme and chromosome stability},
    author={Laoukili, Jamila and Kooistra, Matthijs R H and Brás, Alexandra and Kauw, Jos and Kerkhoven, Ron M and Morrison, Ashby and Clevers, Hans and Medema, René H},
    journal={Nature cell biology},
    journal-short={Nat Cell Biol},
    volume={7},
    pages={126-36},
    year={2005},
    PMID={15654331}
}

@article{laoukili2008activation,
    title={Activation of FoxM1 during G2 requires cyclin A/Cdk-dependent relief of autorepression by the FoxM1 N-terminal domain},
    author={Laoukili, Jamila and Alvarez, Monica and Meijer, Lars A T and Stahl, Marie and Mohammed, Shabaz and Kleij, Livio and Heck, Albert J R and Medema, René H},
    journal={Molecular and cellular biology},
    journal-short={Mol Cell Biol},
    volume={28},
    pages={3076-87},
    year={2008},
    PMID={18285455}
}

@article{lai1993hepatocyte,
    title={Hepatocyte nuclear factor 3/fork head or "winged helix" proteins: a family of transcription factors of diverse biologic function},
    author={Lai, E and Clark, K L and Burley, S K and Darnell, J E},
    journal={Proceedings of the National Academy of Sciences of the United States of America},
    journal-short={Proc Natl Acad Sci U S A},
    volume={90},
    pages={10421-3},
    year={1993},
    PMID={8248124}
}

@article{kriaucionis2009the,
    title={The nuclear DNA base 5-hydroxymethylcytosine is present in Purkinje neurons and the brain},
    author={Kriaucionis, Skirmantas and Heintz, Nathaniel},
    journal={Science (New York, N.Y.)},
    journal-short={Science},
    volume={324},
    pages={929-30},
    year={2009},
    PMID={19372393}
}

@article{korver1998uncoupling,
    title={Uncoupling of S phase and mitosis in cardiomyocytes and hepatocytes lacking the winged-helix transcription factor Trident},
    author={Korver, W and Schilham, M W and Moerer, P and van den Hoff, M J and Dam, K and Lamers, W H and Medema, R H and Clevers, H},
    journal={Current biology : CB},
    journal-short={Curr Biol},
    volume={8},
    pages={1327-30},
    year={1998},
    PMID={9843684}
}

@article{korver1997the,
    title={The winged-helix transcription factor Trident is expressed in cycling cells},
    author={Korver, W and Roose, J and Clevers, H},
    journal={Nucleic acids research},
    journal-short={Nucleic Acids Res},
    volume={25},
    pages={1715-9},
    year={1997},
    PMID={9108152}
}

@article{kornberg2007the,
    title={The molecular basis of eukaryotic transcription},
    author={Kornberg, Roger D},
    journal={Proceedings of the National Academy of Sciences of the United States of America},
    journal-short={Proc Natl Acad Sci U S A},
    volume={104},
    pages={12955-61},
    year={2007},
    PMID={17670940}
}

@article{kornberg1974chromatin,
    title={Chromatin structure: a repeating unit of histones and DNA},
    author={Kornberg, R D},
    journal={Science (New York, N.Y.)},
    journal-short={Science},
    volume={184},
    pages={868-71},
    year={1974},
    PMID={4825889}
}

@article{korenjak2004native,
    title={Native E2F/RBF complexes contain Myb-interacting proteins and repress transcription of developmentally controlled E2F target genes},
    author={Korenjak, Michael and Taylor-Harding, Barbie and Binné, Ulrich K and Satterlee, John S and Stevaux, Olivier and Aasland, Rein and White-Cooper, Helen and Dyson, Nick and Brehm, Alexander},
    journal={Cell},
    journal-short={Cell},
    volume={119},
    pages={181-93},
    year={2004},
    PMID={15479636}
}

@article{koranda2000forkhead-like,
    title={Forkhead-like transcription factors recruit Ndd1 to the chromatin of G2/M-specific promoters},
    author={Koranda, M and Schleiffer, A and Endler, L and Ammerer, G},
    journal={Nature},
    journal-short={Nature},
    volume={406},
    pages={94-8},
    year={2000},
    PMID={10894549}
}

@article{kops2002control,
    title={Control of cell cycle exit and entry by protein kinase B-regulated forkhead transcription factors},
    author={Kops, Geert J P L and Medema, Rene H and Glassford, Janet and Essers, Marieke A G and Dijkers, Pascale F and Coffer, Paul J and Lam, Eric W-F and Burgering, Boudewijn M T},
    journal={Molecular and cellular biology},
    journal-short={Mol Cell Biol},
    volume={22},
    pages={2025-36},
    year={2002},
    PMID={11884591}
}

@article{kolodziej2009optimal,
    title={Optimal use of tandem biotin and V5 tags in ChIP assays},
    author={Kolodziej, Katarzyna E and Pourfarzad, Farzin and de Boer, Ernie and Krpic, Sanja and Grosveld, Frank and Strouboulis, John},
    journal={BMC molecular biology},
    journal-short={BMC Mol Biol},
    volume={10},
    pages={6},
    year={2009},
    PMID={19196479}
}

@article{kim2011chromatin,
    title={Chromatin and transcriptional signatures for Nodal signaling during endoderm formation in hESCs},
    author={Kim, Si Wan and Yoon, Se-Jin and Chuong, Edward and Oyolu, Chuba and Wills, Andrea E and Gupta, Rakhi and Baker, Julie},
    journal={Developmental biology},
    journal-short={Dev Biol},
    volume={357},
    pages={492-504},
    year={2011},
    PMID={21741376}
}

@article{kidder2011chip-seq:,
    title={ChIP-Seq: technical considerations for obtaining high-quality data},
    author={Kidder, Benjamin L and Hu, Gangqing and Zhao, Keji},
    journal={Nature immunology},
    journal-short={Nat Immunol},
    volume={12},
    pages={918-22},
    year={2011},
    PMID={21934668}
}

@article{kerdiles2010foxo,
    title={Foxo transcription factors control regulatory T cell development and function},
    author={Kerdiles, Yann M and Stone, Erica L and Beisner, Daniel R and McGargill, Maureen A and Ch'en, Irene L and Stockmann, Christian and Katayama, Carol D and Hedrick, Stephen M},
    journal={Immunity},
    journal-short={Immunity},
    volume={33},
    pages={890-904},
    year={2010},
    PMID={21167754}
}

@article{kaufmann1995dna,
    title={DNA recognition site analysis of Xenopus winged helix proteins},
    author={Kaufmann, E and Müller, D and Knöchel, W},
    journal={Journal of molecular biology},
    journal-short={J Mol Biol},
    volume={248},
    pages={239-54},
    year={1995},
    PMID={7739038}
}

@article{kaufmann1996five,
    title={Five years on the wings of fork head},
    author={Kaufmann, E and Knöchel, W},
    journal={Mechanisms of development},
    journal-short={Mech Dev},
    volume={57},
    pages={3-20},
    year={1996},
    PMID={8817449}
}

@article{katoh2011foxp3,
    title={FOXP3 orchestrates H4K16 acetylation and H3K4 trimethylation for activation of multiple genes by recruiting MOF and causing displacement of PLU-1},
    author={Katoh, Hiroto and Qin, Zhaohui S and Liu, Runhua and Wang, Lizhong and Li, Weiquan and Li, Xiangzhi and Wu, Lipeng and Du, Zhanwen and Lyons, Robert and Liu, Chang-Gong and Liu, Xiuping and Dou, Yali and Zheng, Pan and Liu, Yang},
    journal={Molecular cell},
    journal-short={Mol Cell},
    volume={44},
    pages={770-84},
    year={2011},
    PMID={22152480}
}

@article{katayama2008foxo,
    title={FOXO transcription factor-dependent p15(INK4b) and p19(INK4d) expression},
    author={Katayama, K and Nakamura, A and Sugimoto, Y and Tsuruo, T and Fujita, N},
    journal={Oncogene},
    journal-short={Oncogene},
    volume={27},
    pages={1677-86},
    year={2008},
    PMID={17873901}
}

@article{juven-gershon2008the,
    title={The RNA polymerase II core promoter - the gateway to transcription},
    author={Juven-Gershon, Tamar and Hsu, Jer-Yuan and Theisen, Joshua Wm and Kadonaga, James T},
    journal={Current opinion in cell biology},
    journal-short={Curr Opin Cell Biol},
    volume={20},
    pages={253-9},
    year={2008},
    PMID={18436437}
}

@article{joshi2007functional,
    title={Functional specificity of a Hox protein mediated by the recognition of minor groove structure},
    author={Joshi, Rohit and Passner, Jonathan M and Rohs, Remo and Jain, Rinku and Sosinsky, Alona and Crickmore, Michael A and Jacob, Vinitha and Aggarwal, Aneel K and Honig, Barry and Mann, Richard S},
    journal={Cell},
    journal-short={Cell},
    volume={131},
    pages={530-43},
    year={2007},
    PMID={17981120}
}

@article{jolma2010multiplexed,
    title={Multiplexed massively parallel SELEX for characterization of human transcription factor binding specificities},
    author={Jolma, Arttu and Kivioja, Teemu and Toivonen, Jarkko and Cheng, Lu and Wei, Gonghong and Enge, Martin and Taipale, Mikko and Vaquerizas, Juan M and Yan, Jian and Sillanpää, Mikko J and Bonke, Martin and Palin, Kimmo and Talukder, Shaheynoor and Hughes, Timothy R and Luscombe, Nicholas M and Ukkonen, Esko and Taipale, Jussi},
    journal={Genome research},
    journal-short={Genome Res},
    volume={20},
    pages={861-73},
    year={2010},
    PMID={20378718}
}

@article{jin1999dynamic,
    title={Dynamic DNA contacts observed in the NMR structure of winged helix protein-DNA complex},
    author={Jin, C and Marsden, I and Chen, X and Liao, X},
    journal={Journal of molecular biology},
    journal-short={J Mol Biol},
    volume={289},
    pages={683-90},
    year={1999},
    PMID={10369754}
}

@article{ji2012the,
    title={The forkhead transcription factor FOXK2 promotes AP-1-mediated transcriptional regulation},
    author={Ji, Zongling and Donaldson, Ian J and Liu, Jingru and Hayes, Andrew and Zeef, Leo A H and Sharrocks, Andrew D},
    journal={Molecular and cellular biology},
    journal-short={Mol Cell Biol},
    volume={32},
    pages={385-98},
    year={2012},
    PMID={22083952}
}

@article{hurtado2011foxa1,
    title={FOXA1 is a key determinant of estrogen receptor function and endocrine response},
    author={Hurtado, Antoni and Holmes, Kelly A and Ross-Innes, Caryn S and Schmidt, Dominic and Carroll, Jason S},
    journal={Nature genetics},
    journal-short={Nat Genet},
    volume={43},
    pages={27-33},
    year={2011},
    PMID={21151129}
}

@article{hudson2006high-throughput,
    title={High-throughput methods of regulatory element discovery},
    author={Hudson, Michael E and Snyder, Michael},
    journal={BioTechniques},
    journal-short={Biotechniques},
    volume={41},
    pages={673, 675, 677 passim},
    year={2006},
    PMID={17191608}
}

@article{huang2009bioinformatics,
    title={Bioinformatics enrichment tools: paths toward the comprehensive functional analysis of large gene lists},
    author={Huang, Da Wei and Sherman, Brad T and Lempicki, Richard A},
    journal={Nucleic acids research},
    journal-short={Nucleic Acids Res},
    volume={37},
    pages={1-13},
    year={2009},
    PMID={19033363}
}

@article{hori2003control,
    title={Control of regulatory T cell development by the transcription factor Foxp3},
    author={Hori, Shohei and Nomura, Takashi and Sakaguchi, Shimon},
    journal={Science (New York, N.Y.)},
    journal-short={Science},
    volume={299},
    pages={1057-61},
    year={2003},
    PMID={12522256}
}

@article{homer2009bfast:,
    title={BFAST: an alignment tool for large scale genome resequencing},
    author={Homer, Nils and Merriman, Barry and Nelson, Stanley F},
    journal={PloS one},
    journal-short={PLoS One},
    volume={4},
    pages={e7767},
    year={2009},
    PMID={19907642}
}

@article{hollenhorst2001mechanisms,
    title={Mechanisms controlling differential promoter-occupancy by the yeast forkhead proteins Fkh1p and Fkh2p: implications for regulating the cell cycle and differentiation},
    author={Hollenhorst, P C and Pietz, G and Fox, C A},
    journal={Genes \& development},
    journal-short={Genes Dev},
    volume={15},
    pages={2445-56},
    year={2001},
    PMID={11562353}
}

@article{hollenhorst2009dna,
    title={DNA specificity determinants associate with distinct transcription factor functions},
    author={Hollenhorst, Peter C and Chandler, Katherine J and Poulsen, Rachel L and Johnson, W Evan and Speck, Nancy A and Graves, Barbara J},
    journal={PLoS genetics},
    journal-short={PLoS Genet},
    volume={5},
    pages={e1000778},
    year={2009},
    PMID={20019798}
}

@article{hochegger2008cyclin-dependent,
    title={Cyclin-dependent kinases and cell-cycle transitions: does one fit all?},
    author={Hochegger, Helfrid and Takeda, Shunichi and Hunt, Tim},
    journal={Nature reviews. Molecular cell biology},
    journal-short={Nat Rev Mol Cell Biol},
    volume={9},
    pages={910-6},
    year={2008},
    PMID={18813291}
}

@article{heinz2010simple,
    title={Simple combinations of lineage-determining transcription factors prime cis-regulatory elements required for macrophage and B cell identities},
    author={Heinz, Sven and Benner, Christopher and Spann, Nathanael and Bertolino, Eric and Lin, Yin C and Laslo, Peter and Cheng, Jason X and Murre, Cornelis and Singh, Harinder and Glass, Christopher K},
    journal={Molecular cell},
    journal-short={Mol Cell},
    volume={38},
    pages={576-89},
    year={2010},
    PMID={20513432}
}

@article{harrison2006some,
    title={Some C. elegans class B synthetic multivulva proteins encode a conserved LIN-35 Rb-containing complex distinct from a NuRD-like complex},
    author={Harrison, Melissa M and Ceol, Craig J and Lu, Xiaowei and Horvitz, H Robert},
    journal={Proceedings of the National Academy of Sciences of the United States of America},
    journal-short={Proc Natl Acad Sci U S A},
    volume={103},
    pages={16782-7},
    year={2006},
    PMID={17075059}
}

@article{hannenhalli2009the,
    title={The evolution of Fox genes and their role in development and disease},
    author={Hannenhalli, Sridhar and Kaestner, Klaus H},
    journal={Nature reviews. Genetics},
    journal-short={Nat Rev Genet},
    volume={10},
    pages={233-40},
    year={2009},
    PMID={19274050}
}

@article{guenther2007a,
    title={A chromatin landmark and transcription initiation at most promoters in human cells},
    author={Guenther, Matthew G and Levine, Stuart S and Boyer, Laurie A and Jaenisch, Rudolf and Young, Richard A},
    journal={Cell},
    journal-short={Cell},
    volume={130},
    pages={77-88},
    year={2007},
    PMID={17632057}
}

@article{greer2005foxo,
    title={FOXO transcription factors at the interface between longevity and tumor suppression},
    author={Greer, Eric L and Brunet, Anne},
    journal={Oncogene},
    journal-short={Oncogene},
    volume={24},
    pages={7410-25},
    year={2005},
    PMID={16288288}
}

@article{grant2012live-cell,
    title={Live-cell monitoring of periodic gene expression in synchronous human cells identifies Forkhead genes involved in cell cycle control},
    author={Grant, Gavin D and Gamsby, Joshua and Martyanov, Viktor and Brooks, Lionel and George, Lacy K and Mahoney, J Matthew and Loros, Jennifer J and Dunlap, Jay C and Whitfield, Michael L},
    journal={Molecular biology of the cell},
    journal-short={Mol Biol Cell},
    volume={23},
    pages={3079-93},
    year={2012},
    PMID={22740631}
}

@article{gilchrist2012regulating,
    title={Regulating the regulators: the pervasive effects of Pol II pausing on stimulus-responsive gene networks},
    author={Gilchrist, Daniel A and Fromm, George and dos Santos, Gilberto and Pham, Linh N and McDaniel, Ivy E and Burkholder, Adam and Fargo, David C and Adelman, Karen},
    journal={Genes \& development},
    journal-short={Genes Dev},
    volume={26},
    pages={933-44},
    year={2012},
    PMID={22549956}
}

@article{garvie2001recognition,
    title={Recognition of specific DNA sequences},
    author={Garvie, C W and Wolberger, C},
    journal={Molecular cell},
    journal-short={Mol Cell},
    volume={8},
    pages={937-46},
    year={2001},
    PMID={11741530}
}

@article{gabut2011an,
    title={An alternative splicing switch regulates embryonic stem cell pluripotency and reprogramming},
    author={Gabut, Mathieu and Samavarchi-Tehrani, Payman and Wang, Xinchen and Slobodeniuc, Valentina and O'Hanlon, Dave and Sung, Hoon-Ki and Alvarez, Manuel and Talukder, Shaheynoor and Pan, Qun and Mazzoni, Esteban O and Nedelec, Stephane and Wichterle, Hynek and Woltjen, Knut and Hughes, Timothy R and Zandstra, Peter W and Nagy, Andras and Wrana, Jeffrey L and Blencowe, Benjamin J},
    journal={Cell},
    journal-short={Cell},
    volume={147},
    pages={132-46},
    year={2011},
    PMID={21924763}
}

@article{fuda2009defining,
    title={Defining mechanisms that regulate RNA polymerase II transcription in vivo},
    author={Fuda, Nicholas J and Ardehali, M Behfar and Lis, John T},
    journal={Nature},
    journal-short={Nature},
    volume={461},
    pages={186-92},
    year={2009},
    PMID={19741698}
}

@article{fu2008plk1-dependent,
    title={Plk1-dependent phosphorylation of FoxM1 regulates a transcriptional programme required for mitotic progression},
    author={Fu, Zheng and Malureanu, Liviu and Huang, Jun and Wang, Wei and Li, Hao and van Deursen, Jan M and Tindall, Donald J and Chen, Junjie},
    journal={Nature cell biology},
    journal-short={Nat Cell Biol},
    volume={10},
    pages={1076-82},
    year={2008},
    PMID={19160488}
}

@article{freddie2007functional,
    title={Functional interactions between the Forkhead transcription factor FOXK1 and the MADS-box protein SRF},
    author={Freddie, Cecilie T and Ji, Zongling and Marais, Anett and Sharrocks, Andrew D},
    journal={Nucleic acids research},
    journal-short={Nucleic Acids Res},
    volume={35},
    pages={5203-12},
    year={2007},
    PMID={17670796}
}

@article{feng2011peakranger:,
    title={PeakRanger: a cloud-enabled peak caller for ChIP-seq data},
    author={Feng, Xin and Grossman, Robert and Stein, Lincoln},
    journal={BMC bioinformatics},
    journal-short={BMC Bioinformatics},
    volume={12},
    pages={139},
    year={2011},
    PMID={21554709}
}

@article{farnham2009insights,
    title={Insights from genomic profiling of transcription factors},
    author={Farnham, Peggy J},
    journal={Nature reviews. Genetics},
    journal-short={Nat Rev Genet},
    volume={10},
    pages={605-16},
    year={2009},
    PMID={19668247}
}

@article{ernst2011mapping,
    title={Mapping and analysis of chromatin state dynamics in nine human cell types},
    author={Ernst, Jason and Kheradpour, Pouya and Mikkelsen, Tarjei S and Shoresh, Noam and Ward, Lucas D and Epstein, Charles B and Zhang, Xiaolan and Wang, Li and Issner, Robbyn and Coyne, Michael and Ku, Manching and Durham, Timothy and Kellis, Manolis and Bernstein, Bradley E},
    journal={Nature},
    journal-short={Nature},
    volume={473},
    pages={43-9},
    year={2011},
    PMID={21441907}
}

@article{ekker1991optimal,
    title={Optimal DNA sequence recognition by the Ultrabithorax homeodomain of Drosophila},
    author={Ekker, S C and Young, K E and von Kessler, D P and Beachy, P A},
    journal={The EMBO journal},
    journal-short={EMBO J},
    volume={10},
    pages={1179-86},
    year={1991},
    PMID={1673656}
}

@article{ekker1992differential,
    title={Differential DNA sequence recognition is a determinant of specificity in homeotic gene action},
    author={Ekker, S C and von Kessler, D P and Beachy, P A},
    journal={The EMBO journal},
    journal-short={EMBO J},
    volume={11},
    pages={4059-72},
    year={1992},
    PMID={1356765}
}

@article{egelhofer2011an,
    title={An assessment of histone-modification antibody quality},
    author={Egelhofer, Thea A and Minoda, Aki and Klugman, Sarit and Lee, Kyungjoon and Kolasinska-Zwierz, Paulina and Alekseyenko, Artyom A and Cheung, Ming-Sin and Day, Daniel S and Gadel, Sarah and Gorchakov, Andrey A and Gu, Tingting and Kharchenko, Peter V and Kuan, Samantha and Latorre, Isabel and Linder-Basso, Daniela and Luu, Ying and Ngo, Queminh and Perry, Marc and Rechtsteiner, Andreas and Riddle, Nicole C and Schwartz, Yuri B and Shanower, Gregory A and Vielle, Anne and Ahringer, Julie and Elgin, Sarah C R and Kuroda, Mitzi I and Pirrotta, Vincenzo and Ren, Bing and Strome, Susan and Park, Peter J and Karpen, Gary H and Hawkins, R David and Lieb, Jason D},
    journal={Nature structural \& molecular biology},
    journal-short={Nat Struct Mol Biol},
    volume={18},
    pages={91-3},
    year={2011},
    PMID={21131980}
}

@article{down2012binding,
    title={Binding of FoxM1 to G2/M gene promoters is dependent upon B-Myb},
    author={Down, Christin F and Millour, Julie and Lam, Eric W-F and Watson, Roger J},
    journal={Biochimica et biophysica acta},
    journal-short={Biochim Biophys Acta},
    volume={1819},
    pages={855-62},
    year={2012},
    PMID={22513242}
}

@article{dohm2008substantial,
    title={Substantial biases in ultra-short read data sets from high-throughput DNA sequencing},
    author={Dohm, Juliane C and Lottaz, Claudio and Borodina, Tatiana and Himmelbauer, Heinz},
    journal={Nucleic acids research},
    journal-short={Nucleic Acids Res},
    volume={36},
    pages={e105},
    year={2008},
    PMID={18660515}
}

@article{deaton2011cpg,
    title={CpG islands and the regulation of transcription},
    author={Deaton, Aimée M and Bird, Adrian},
    journal={Genes \& development},
    journal-short={Genes Dev},
    volume={25},
    pages={1010-22},
    year={2011},
    PMID={21576262}
}

@article{darieva2003cell,
    title={Cell cycle-regulated transcription through the FHA domain of Fkh2p and the coactivator Ndd1p},
    author={Darieva, Zoulfia and Pic-Taylor, Aline and Boros, Joanna and Spanos, Adonis and Geymonat, Marco and Reece, Richard J and Sedgwick, Steven G and Sharrocks, Andrew D and Morgan, Brian A},
    journal={Current biology : CB},
    journal-short={Curr Biol},
    volume={13},
    pages={1740-5},
    year={2003},
    PMID={14521842}
}

@article{darieva2006polo,
    title={Polo kinase controls cell-cycle-dependent transcription by targeting a coactivator protein},
    author={Darieva, Zoulfia and Bulmer, Richard and Pic-Taylor, Aline and Doris, Kathryn S and Geymonat, Marco and Sedgwick, Steven G and Morgan, Brian A and Sharrocks, Andrew D},
    journal={Nature},
    journal-short={Nature},
    volume={444},
    pages={494-8},
    year={2006},
    PMID={17122856}
}

@article{cuddapah2009global,
    title={Global analysis of the insulator binding protein CTCF in chromatin barrier regions reveals demarcation of active and repressive domains},
    author={Cuddapah, Suresh and Jothi, Raja and Schones, Dustin E and Roh, Tae-Young and Cui, Kairong and Zhao, Keji},
    journal={Genome research},
    journal-short={Genome Res},
    volume={19},
    pages={24-32},
    year={2009},
    PMID={19056695}
}

@article{core2008transcription,
    title={Transcription regulation through promoter-proximal pausing of RNA polymerase II},
    author={Core, Leighton J and Lis, John T},
    journal={Science (New York, N.Y.)},
    journal-short={Science},
    volume={319},
    pages={1791-2},
    year={2008},
    PMID={18369138}
}

@article{clark1993co-crystal,
    title={Co-crystal structure of the HNF-3/fork head DNA-recognition motif resembles histone H5},
    author={Clark, K L and Halay, E D and Lai, E and Burley, S K},
    journal={Nature},
    journal-short={Nature},
    volume={364},
    pages={412-20},
    year={1993},
    PMID={8332212}
}

@article{cirillo1998binding,
    title={Binding of the winged-helix transcription factor HNF3 to a linker histone site on the nucleosome},
    author={Cirillo, L A and McPherson, C E and Bossard, P and Stevens, K and Cherian, S and Shim, E Y and Clark, K L and Burley, S K and Zaret, K S},
    journal={The EMBO journal},
    journal-short={EMBO J},
    volume={17},
    pages={244-54},
    year={1998},
    PMID={9427758}
}

@article{cheung2011systematic,
    title={Systematic bias in high-throughput sequencing data and its correction by BEADS},
    author={Cheung, Ming-Sin and Down, Thomas A and Latorre, Isabel and Ahringer, Julie},
    journal={Nucleic acids research},
    journal-short={Nucleic Acids Res},
    volume={39},
    pages={e103},
    year={2011},
    PMID={21646344}
}

@article{chen2012systematic,
    title={Systematic evaluation of factors influencing ChIP-seq fidelity},
    author={Chen, Yiwen and Negre, Nicolas and Li, Qunhua and Mieczkowska, Joanna O and Slattery, Matthew and Liu, Tao and Zhang, Yong and Kim, Tae-Kyung and He, Housheng Hansen and Zieba, Jennifer and Ruan, Yijun and Bickel, Peter J and Myers, Richard M and Wold, Barbara J and White, Kevin P and Lieb, Jason D and Liu, X Shirley},
    journal={Nature methods},
    journal-short={Nat Methods},
    volume={9},
    pages={609-14},
    year={2012},
    PMID={22522655}
}

@article{catron1993nucleotides,
    title={Nucleotides flanking a conserved TAAT core dictate the DNA binding specificity of three murine homeodomain proteins},
    author={Catron, K M and Iler, N and Abate, C},
    journal={Molecular and cellular biology},
    journal-short={Mol Cell Biol},
    volume={13},
    pages={2354-65},
    year={1993},
    PMID={8096059}
}

@article{cairns2009the,
    title={The logic of chromatin architecture and remodelling at promoters},
    author={Cairns, Bradley R},
    journal={Nature},
    journal-short={Nature},
    volume={461},
    pages={193-8},
    year={2009},
    PMID={19741699}
}

@article{bulyk1999quantifying,
    title={Quantifying DNA-protein interactions by double-stranded DNA arrays},
    author={Bulyk, M L and Gentalen, E and Lockhart, D J and Church, G M},
    journal={Nature biotechnology},
    journal-short={Nat Biotechnol},
    volume={17},
    pages={573-7},
    year={1999},
    PMID={10385322}
}

@article{brunet200214-3-3,
    title={14-3-3 transits to the nucleus and participates in dynamic nucleocytoplasmic transport},
    author={Brunet, Anne and Kanai, Fumihiko and Stehn, Justine and Xu, Jian and Sarbassova, Dilara and Frangioni, John V and Dalal, Sorab N and DeCaprio, James A and Greenberg, Michael E and Yaffe, Michael B},
    journal={The Journal of cell biology},
    journal-short={J Cell Biol},
    volume={156},
    pages={817-28},
    year={2002},
    PMID={11864996}
}

@article{brunet1999akt,
    title={Akt promotes cell survival by phosphorylating and inhibiting a Forkhead transcription factor},
    author={Brunet, A and Bonni, A and Zigmond, M J and Lin, M Z and Juo, P and Hu, L S and Anderson, M J and Arden, K C and Blenis, J and Greenberg, M E},
    journal={Cell},
    journal-short={Cell},
    volume={96},
    pages={857-68},
    year={1999},
    PMID={10102273}
}

@article{boros2009overlapping,
    title={Overlapping promoter targeting by Elk-1 and other divergent ETS-domain transcription factor family members},
    author={Boros, Joanna and O'Donnell, Amanda and Donaldson, Ian J and Kasza, Aneta and Zeef, Leo and Sharrocks, Andrew D},
    journal={Nucleic acids research},
    journal-short={Nucleic Acids Res},
    volume={37},
    pages={7368-80},
    year={2009},
    PMID={19789270}
}

@article{boeger2003nucleosomes,
    title={Nucleosomes unfold completely at a transcriptionally active promoter},
    author={Boeger, Hinrich and Griesenbeck, Joachim and Strattan, J Seth and Kornberg, Roger D},
    journal={Molecular cell},
    journal-short={Mol Cell},
    volume={11},
    pages={1587-98},
    year={2003},
    PMID={12820971}
}

@article{bailey1994fitting,
    title={Fitting a mixture model by expectation maximization to discover motifs in biopolymers},
    author={Bailey, T L and Elkan, C},
    journal={Proceedings. International Conference on Intelligent Systems for Molecular Biology},
    journal-short={Proc Int Conf Intell Syst Mol Biol},
    volume={2},
    pages={28-36},
    year={1994},
    PMID={7584402}
}

@article{björklund2005the,
    title={The yeast Mediator complex and its regulation},
    author={Björklund, Stefan and Gustafsson, Claes M},
    journal={Trends in biochemical sciences},
    journal-short={Trends Biochem Sci},
    volume={30},
    pages={240-4},
    year={2005},
    PMID={15896741}
}

@article{binkley2010prophyler:,
    title={ProPhylER: a curated online resource for protein function and structure based on evolutionary constraint analyses},
    author={Binkley, Jonathan and Karra, Kalpana and Kirby, Andrew and Hosobuchi, Midori and Stone, Eric A and Sidow, Arend},
    journal={Genome research},
    journal-short={Genome Res},
    volume={20},
    pages={142-54},
    year={2010},
    PMID={19846609}
}

@article{berthet2003cdk2,
    title={Cdk2 knockout mice are viable},
    author={Berthet, Cyril and Aleem, Eiman and Coppola, Vincenzo and Tessarollo, Lino and Kaldis, Philipp},
    journal={Current biology : CB},
    journal-short={Curr Biol},
    volume={13},
    pages={1775-85},
    year={2003},
    PMID={14561402}
}

@article{berger2008variation,
    title={Variation in homeodomain DNA binding revealed by high-resolution analysis of sequence preferences},
    author={Berger, Michael F and Badis, Gwenael and Gehrke, Andrew R and Talukder, Shaheynoor and Philippakis, Anthony A and Peña-Castillo, Lourdes and Alleyne, Trevis M and Mnaimneh, Sanie and Botvinnik, Olga B and Chan, Esther T and Khalid, Faiqua and Zhang, Wen and Newburger, Daniel and Jaeger, Savina A and Morris, Quaid D and Bulyk, Martha L and Hughes, Timothy R},
    journal={Cell},
    journal-short={Cell},
    volume={133},
    pages={1266-76},
    year={2008},
    PMID={18585359}
}

@article{ben-tabou-de-leon2007gene,
    title={Gene regulation: gene control network in development},
    author={{de Leon}, Smadar Ben-Tabou and Davidson, Eric H.},
    journal={Annual review of biophysics and biomolecular structure},
    journal-short={Annu Rev Biophys Biomol Struct},
    volume={36},
    pages={191},
    year={2007},
    PMID={17291181}
}

@article{bell2000methylation,
    title={Methylation of a CTCF-dependent boundary controls imprinted expression of the Igf2 gene},
    author={Bell, A C and Felsenfeld, G},
    journal={Nature},
    journal-short={Nature},
    volume={405},
    pages={482-5},
    year={2000},
    PMID={10839546}
}

@article{becker2002atp-dependent,
    title={ATP-dependent nucleosome remodeling},
    author={Becker, Peter B and Hörz, Wolfram},
    journal={Annual review of biochemistry},
    journal-short={Annu Rev Biochem},
    volume={71},
    pages={247-73},
    year={2002},
    PMID={12045097}
}

@article{bannister2005reversing,
    title={Reversing histone methylation},
    author={Bannister, Andrew J and Kouzarides, Tony},
    journal={Nature},
    journal-short={Nature},
    volume={436},
    pages={1103-6},
    year={2005},
    PMID={16121170}
}

@article{badis2009diversity,
    title={Diversity and complexity in DNA recognition by transcription factors},
    author={Badis, Gwenael and Berger, Michael F and Philippakis, Anthony A and Talukder, Shaheynoor and Gehrke, Andrew R and Jaeger, Savina A and Chan, Esther T and Metzler, Genita and Vedenko, Anastasia and Chen, Xiaoyu and Kuznetsov, Hanna and Wang, Chi-Fong and Coburn, David and Newburger, Daniel E and Morris, Quaid and Hughes, Timothy R and Bulyk, Martha L},
    journal={Science (New York, N.Y.)},
    journal-short={Science},
    volume={324},
    pages={1720-3},
    year={2009},
    PMID={19443739}
}

@article{auerbach2009mapping,
    title={Mapping accessible chromatin regions using Sono-Seq},
    author={Auerbach, Raymond K and Euskirchen, Ghia and Rozowsky, Joel and Lamarre-Vincent, Nathan and Moqtaderi, Zarmik and Lefrançois, Philippe and Struhl, Kevin and Gerstein, Mark and Snyder, Michael},
    journal={Proceedings of the National Academy of Sciences of the United States of America},
    journal-short={Proc Natl Acad Sci U S A},
    volume={106},
    pages={14926-31},
    year={2009},
    PMID={19706456}
}

@article{alvarez2001forkhead,
    title={Forkhead transcription factors contribute to execution of the mitotic programme in mammals},
    author={Alvarez, B and Martínez-A, C and Burgering, B M and Carrera, A C},
    journal={Nature},
    journal-short={Nature},
    volume={413},
    pages={744-7},
    year={2001},
    PMID={11607034}
}

@article{alvarez-fernández2011protein,
    title={Protein phosphatase 2A (B55$\alpha$) prevents premature activation of forkhead transcription factor FoxM1 by antagonizing cyclin A/cyclin-dependent kinase-mediated phosphorylation},
    author={Alvarez-Fernández, Mónica and Halim, Vincentius A and Aprelia, Melinda and Laoukili, Jamila and Mohammed, Shabaz and Medema, René H},
    journal={The Journal of biological chemistry},
    journal-short={J Biol Chem},
    volume={286},
    pages={33029-36},
    year={2011},
    PMID={21813648}
}

@article{aird2011analyzing,
    title={Analyzing and minimizing PCR amplification bias in Illumina sequencing libraries},
    author={Aird, Daniel and Ross, Michael G and Chen, Wei-Sheng and Danielsson, Maxwell and Fennell, Timothy and Russ, Carsten and Jaffe, David B and Nusbaum, Chad and Gnirke, Andreas},
    journal={Genome biology},
    journal-short={Genome Biol},
    volume={12},
    pages={R18},
    year={2011},
    PMID={21338519}
}

@ARTICLE{Beall2002-mq,
  title     = "Role for a Drosophila Myb-containing protein complex in
               site-specific {DNA} replication",
  author    = "Beall, Eileen L and Manak, J Robert and Zhou, Sharleen and Bell,
               Maren and Lipsick, Joseph S and Botchan, Michael R",
  abstract  = "There is considerable interest in the developmental, temporal
               and tissue-specific patterns of DNA replication in metazoans.
               Site-specific DNA replication at the chorion loci in Drosophila
               follicle cells leads to extensive gene amplification, and the
               organization of the cis-acting DNA elements that regulate this
               process may provide a model for how such regulation is achieved.
               Two elements important for amplification of the third chromosome
               chorion gene cluster, ACE3 and Ori-beta, are directly bound by
               Orc (origin recognition complex), and two-dimensional gel
               analysis has revealed that the primary origin used is Ori-beta
               (refs 7-9). Here we show that the Drosophila homologue of the
               Myb (Myeloblastosis) oncoprotein family is tightly associated
               with four additional proteins, and that the complex binds
               site-specifically to these regulatory DNA elements. Drosophila
               Myb is required in trans for gene amplification, showing that a
               Myb protein is directly involved in DNA replication. A
               Drosophila Myb binding site, as well as the binding site for
               another Myb complex member (p120), is necessary in cis for
               replication of reporter transgenes. Chromatin
               immunoprecipitation experiments localize both proteins to the
               chorion loci in vivo. These data provide evidence that specific
               protein complexes bound to replication enhancer elements work
               together with the general replication machinery for
               site-specific origin utilization during replication.",
  journal   = "Nature",
  publisher = "Springer Science and Business Media LLC",
  volume    =  420,
  number    =  6917,
  pages     = "833-7",
  year      =  2002,
  language  = "en"
}

@ARTICLE{Newburger2009-uc,
  title    = "{UniPROBE}: an online database of protein binding microarray data
              on {protein-DNA} interactions",
  author   = "Newburger, Daniel E and Bulyk, Martha L",
  abstract = "The UniPROBE (Universal PBM Resource for Oligonucleotide Binding
              Evaluation) database hosts data generated by universal protein
              binding microarray (PBM) technology on the in vitro DNA-binding
              specificities of proteins. This initial release of the UniPROBE
              database provides a centralized resource for accessing
              comprehensive PBM data on the preferences of proteins for all
              possible sequence variants ('words') of length k ('k-mers'), as
              well as position weight matrix (PWM) and graphical sequence logo
              representations of the k-mer data. In total, the database hosts
              DNA-binding data for over 175 nonredundant proteins from a
              diverse collection of organisms, including the prokaryote Vibrio
              harveyi, the eukaryotic malarial parasite Plasmodium falciparum,
              the parasitic Apicomplexan Cryptosporidium parvum, the yeast
              Saccharomyces cerevisiae, the worm Caenorhabditis elegans, mouse
              and human. Current web tools include a text-based search, a
              function for assessing motif similarity between user-entered data
              and database PWMs, and a function for locating putative binding
              sites along user-entered nucleotide sequences. The UniPROBE
              database is available at
              http://thebrain.bwh.harvard.edu/uniprobe/.",
  journal  = "Nucleic Acids Res.",
  volume   =  37,
  number   = "Database issue",
  pages    = "D77--82",
  month    =  jan,
  year     =  2009,
  language = "en"
}

@book{62,
  year      = {2007},
  title     = {{The Cell Cycle: Principles of Control}},
  author    = {Morgan, David O},
  isbn      = {978-0-19-920610-0},
  urldate   = {2007},
  publisher = {Oxford University Press}
}

@incollection{ds,
  year   = {2009},
  title  = {{The Molecular Biology of Cancer}},
  author = {Pelengaris, Stella and Khan, Michael},
  editor = {Pelengaris, Stella and Khan, Michael},
  isbn   = {978-1-444-30908-9}
}
